4386 5498
771 1764 1025 1856 ottonis
1055 1764 1431 1857 Kreusslerl
1519 1877 1523 1885 .

634 1913 1009 2014 observationes
1037 1915 1092 2012 iii
1120 1912 1293 2066 Ovidii¹
1310 1911 1497 2013 Festos.
1516 1915 1565 2021 *l

470 2356 485 2419 Ι
507 2360 546 2420 41
587 2355 706 2422 Tertnss
728 2379 749 2421 a
770 2357 901 2431 senibus,
923 2357 1067 2421 iuvenum
1088 2356 1125 2421 de
1145 2358 1267 2422 nomine
1288 2362 1436 2438 prame:

682 2460 767 2541 Qtiae
787 2462 932 2543 sequitur,
953 2480 1078 2526 naum
1099 2461 1189 2526 turba
1207 2465 1316 2526 notata
1336 2461 1407 2544 tuit.

287 2545 298 2593 t

261 2540 334 2685 Sic
368 2612 437 2684 lere
470 2615 610 2688 editores
643 2617 703 2689 hos
737 2641 850 2688 versus
883 2617 1071 2689 inciderunt
1105 2626 1137 2689 et
1171 2619 1302 2688 sublata
1338 2618 1494 2712 longioris
1527 2638 1643 2687 versus
1679 2636 1754 2685 cuni
1788 2613 1939 2684 breviore

255 2715 483 2788 coniunctione
522 2719 566 2789 ad
606 2720 836 2815 explicandam
877 2721 1025 2815 priorum
1064 2720 1240 2791 incisurum
1279 2721 1471 2792 sententiam
1503 2719 1660 2815 supplent
1691 2716 1830 2788 verbum
1860 2716 1938 2787 sule

255 2818 439 2890 stanuum.
490 2819 559 2892 Nec
592 2823 733 2894 dubium
758 2824 904 2910 videtur,
938 2825 1021 2917 quin
1054 2823 1134 2894 haec
1163 2822 1289 2894 ‘tertius
1315 2824 1435 2894 mensis
1468 2822 1648 2894 osenibus
1673 2816 1734 2891 est'
1768 2842 1807 2891 eo
1840 2842 1938 2891 sensu

257 2940 325 3012 quo
349 2920 409 2990 illo
433 2919 529 2992 v78
555 2920 684 2997 lunius
709 2951 734 2996 a
761 2924 926 2997 nucerium
950 2925 1090 2997 nomine
1114 2924 1228 2998 dictus
1261 2933 1319 2997 aut
1344 2934 1417 2997 met.
1445 2923 1566 2995 V411
1597 2948 1622 2994 a
1649 2921 1749 2994 cuius
1773 2932 1939 3019 stapnum

255 3045 392 3118 quoque
416 3023 559 3096 nomine
582 3025 713 3101 dietum
739 3038 789 3099 est
823 3050 862 3100 oc
895 3029 993 3100 simili
1027 3029 1215 3101 elocutionis
1248 3029 1441 3125 compendio
1473 3027 1538 3099 dici
1568 3028 1735 3122 potuerint
1766 3047 1834 3119 quo
1860 3031 1938 3096 nota

255 3125 317 3195 isto
355 3123 402 3195 ab
429 3122 572 3198 Andria
597 3139 646 3200 est
671 3129 800 3202 anule
826 3128 910 3202 laec
944 3132 996 3201 vel
1029 3128 1091 3202 loc
1117 3157 1141 3202 a
1168 3129 1331 3203 Maurico
1358 3155 1488 3203 reanum
1518 3154 1591 3202 non
1622 3139 1678 3201 est.
1742 3127 1794 3200 Ac
1828 3128 1939 3200 inultis

256 3228 328 3297 ullis
359 3228 464 3299 modis
501 3231 643 3326 simplex
680 3244 744 3304 est
769 3235 872 3305 vicem
903 3235 1017 3329 implet
1052 3236 1210 3328 grauioris
1236 3235 1329 3307 verbi
1362 3235 1463 3327 quale
1497 3239 1555 3304 out
1579 3230 1770 3304 Germanae
1803 3231 1939 3325 linguae

255 3351 336 3398 usus
359 3327 483 3423 flagitat
508 3340 567 3404 aut
588 3334 661 3430 ipsa
687 3335 805 3407 Latina
830 3338 1031 3409 consuetudo
1057 3338 1253 3434 suppeditet
1305 3332 1409 3409 Cuius
1444 3337 1492 3407 rei
1525 3335 1677 3431 exemplo
1708 3357 1829 3430 ponam
1856 3334 1938 3406 haec

255 3451 298 3501 ex
324 3425 482 3504 Cicerone
506 3444 653 3532 sumpta:
688 3436 801 3510 evolve
834 3438 909 3512 eius
943 3463 1020 3511 eum
1052 3437 1177 3513 utrum
1210 3439 1274 3536 qui
1305 3451 1370 3512 cst
1403 3438 1446 3511 dc
1472 3437 1592 3510 animo
1617 3437 1714 3508 Tusa
1742 3437 1759 3509 I
1788 3436 1845 3526 11,
1873 3436 1935 3509 24.

254 3530 307 3603 ΠΙ
330 3531 387 3621 18,
404 3534 463 3605 42.
505 3536 555 3607 IV
574 3537 633 3627 34,
653 3540 710 3612 72.
750 3538 974 3639 philosophia
1002 3568 1093 3638 quae
1120 3554 1181 3614 est
1207 3543 1250 3614 de
1276 3541 1350 3614 urla
1376 3553 1406 3613 ct
1430 3540 1585 3615 merulus
1609 3538 1662 3611 III
1688 3541 1722 3628 4,
1750 3537 1785 3611 8.
1831 3538 1936 3637 quin·

254 3643 328 3706 tam
353 3647 518 3710 naturam
545 3665 616 3713 asse
641 3667 660 3713 e
686 3642 841 3738 quasit
866 3669 964 3716 mens
990 3643 1079 3733 110,
1094 3645 1152 3717 22.
1203 3643 1359 3742 luquhris
1383 3642 1584 3717 lamentatio
1610 3668 1652 3714 ea
1679 3667 1717 3714 eo
1744 3653 1809 3714 est
1833 3641 1851 3714 I
1879 3642 1937 3732 13,

257 3734 316 3808 30.
342 3737 402 3825 27,
425 3739 482 3811 67.
535 3754 573 3814 ut
609 3755 674 3816 est
709 3745 749 3817 in
773 3757 880 3819 vetere
907 3746 1099 3842 prouerbio
1133 3748 1224 3833 Π4,
1248 3749 1305 3820 11.
1359 3759 1422 3820 est
1448 3746 1563 3820 enirn:
1599 3745 1695 3844 qnod
1720 3743 1768 3818 M
1802 3742 1937 3821 Ildlius

244 3836 390 3930 ,falsum
415 3845 746 3920 senatusconsultum
771 3847 934 3922 retulere
965 3875 1026 3946 pro
1057 3852 1142 3923 doni.
1172 3850 1228 3939 19,
1250 3850 1309 3925 50.
1362 3851 1401 3924 in
1427 3850 1553 3948 qualus
1579 3860 1689 3934 erat,
1724 3876 1760 3923 se
1793 3849 1936 3925 audisse

254 3965 306 4038 ep.
323 3943 368 4014 ad
381 3943 450 4015 An
467 3944 521 4017 XI
537 3949 569 4036 7,
586 3949 619 4022 2.
660 3950 757 4023 Tusc.
777 3952 794 4024 I
811 3953 844 4040 2,
860 3952 891 4024 3.
941 3963 1001 4024 est
1027 3953 1130 4050 apud
1153 3952 1368 4028 Heraclitum
1394 3952 1439 4026 de
1464 3952 1688 4027 Hermodoro
1714 3952 1934 4037 V36,105.

253 4042 318 4118 ubi
344 4056 408 4117 est
432 4045 541 4141 ipitur
564 4050 604 4123 in
621 4052 773 4145 foedere
804 4054 997 4140 Gaditane
1024 4081 1069 4129 me
1095 4081 1197 4154 quem
1221 4099 1272 4110 -
1298 4054 1476 4153 recipiat?
1500 4082 1562 4155 pro
1578 4057 1674 4130 Balb.
1697 4057 1753 4144 14,
1771 4056 1830 4130 32.
1865 4057 1936 4130 Nec

252 4146 374 4219 desunt
397 4151 516 4222 similis
540 4155 632 4250 apud
656 4159 853 4251 posteriores
879 4161 1070 4255 sciiptoros,
1104 4161 1193 4232 velut
1220 4161 1312 4256 quod
1337 4161 1567 4234 addubitatum
1593 4167 1642 4233 est
1666 4161 1759 4256 apud
1784 4156 1933 4232 Censori-

252 4273 335 4321 num
360 4250 394 4337 2,
428 4252 452 4323 2
479 4253 518 4326 in
542 4282 582 4328 eo
607 4254 695 4330 libro
720 4259 779 4332 eui
801 4259 920 4333 titulus
947 4273 996 4332 est
1020 4262 1155 4335 Atticus
1181 4274 1213 4334 et
1239 4274 1306 4335 est
1332 4262 1375 4334 de
1402 4263 1576 4348 numeris·
1611 4272 1643 4336 et
1668 4264 1760 4360 apud
1786 4261 1932 4336 Plinium

252 4375 302 4448 ep.
321 4351 407 4424 VIII
422 4354 460 4442 2,
490 4356 531 4444 8,
554 4359 613 4431 ubi
639 4362 729 4453 quod
756 4363 889 4436 exhibet
914 4363 1040 4436 Aldina
1066 4377 1245 4461 arpertus,
1280 4392 1351 4439 non
1378 4391 1478 4438 esse
1501 4369 1535 4457 ii.
1553 4391 1579 4439 e.
1601 4367 1725 4457 velere)
1751 4364 1854 4461 apud
1876 4391 1932 4438 me

253 4515 389 4528 ——m
397 4523 415 4529 ·
427 4523 663 4537 ······—————.

430 4602 455 4668 *l
474 4606 531 4658 Non
549 4611 659 4674 quaesivi
677 4613 866 4677 progremmtis
883 4614 971 4665 edendi
987 4616 1153 4678 occasionem
1170 4620 1211 4670 sed
1226 4620 1371 4672 nemesium
1388 4621 1507 4686 impositu
1523 4624 1607 4670 nitent
1618 4608 1780 4687 ἀσύμβολον
1793 4618 1930 4671 wllonnem

252 4687 379 4739 matium
396 4690 599 4745 scholasticorum
616 4696 729 4748 libellum
755 4698 782 4749 iii
799 4699 889 4766 vulgus
905 4700 1043 4752 emitterem
1064 4708 1108 4754 eut
1124 4719 1205 4756 niuem
1222 4707 1346 4773 quendem
1366 4705 1611 4772 opcllum‘oomitom
1628 4703 1801 4768 adiungam,
1823 4705 1929 4758 ultorum

252 4772 360 4836 mutuli
381 4790 528 4843 qumquem
551 4797 631 4847 neque
652 4783 712 4833 satis
740 4791 901 4849 praeparatus
929 4787 961 4838 sd
985 4804 1038 4840 rom
1062 4805 1143 4856 neque
1167 4791 1278 4845 literario
1302 4797 1424 4858 eppmtii
1450 4792 1553 4858 opipare
1577 4790 1725 4850 instructus,
1752 4792 1930 4859 fll’fflbfflll'l’

250 4857 371 4999 m
395 4861 438 4926 qui
455 4862 516 4914 heco
533 4865 595 4917 torto
627 4867 798 4936 lugerent‚2si
821 4871 880 4936 quid
904 4873 936 4924 eb
952 4873 1008 4926 eliis
1034 4860 1195 4940 οῶηριιιπι,
1218 4893 1290 4929 emo
1307 4878 1509 4944 praeminum
1525 4875 1649 4936 viderim.
1672 4873 1698 4924 id
1723 4875 1785 4927 boni
1810 4878 1931 4945 *01111110

1701 5049 1720 5111 1
