4386 5498
1085 337 1107 460 i

253 605 306 678 III
331 603 407 676 330
430 600 605 674 6611474.
648 597 698 668 IV
726 596 808 667 721.
850 593 881 665 V
907 593 1003 684 5153
1043 614 1106 666 nec
1138 593 1285 686 denique
1314 593 1407 687 quod
1440 599 1488 665 est
1514 590 1565 666 vl
1591 592 1666 665 488
1698 593 1847 690 eampum
1879 591 1939 666 olle

254 706 389 782 sorores
421 712 506 776 erat.
565 700 708 773 Unicum
741 699 907 771 insolitum
937 703 1039 769 restat
1069 695 1122 768 III
1151 694 1225 767 500
1259 693 1316 767 ltie
1347 694 1472 779 laedet,
1508 695 1568 770 alle
1599 696 1790 794 pudendus
1824 722 1937 781 amor,

157 827 161 836 '
253 834 356 906 quen
388 808 435 880 ed
464 805 599 881 modum
629 803 713 877 haee
746 825 788 874 ex
814 802 1001 874 coniectura
1025 797 1182 874 Merkelii
1207 799 1384 871 constituta
1410 805 1495 871 sunt
1549 800 1640 886 Quae
1662 823 1768 894 quum
1794 802 1839 871 itn
1863 800 1937 888 sint,

254 913 350 988 houd
378 911 444 985 scio
474 929 521 981 tn
550 907 616 981 hoo
647 906 718 978 loeo
749 904 922 978 obliterata
955 904 997 977 sit
1031 901 1163 976 dicendi
1196 901 1359 995 quaedum
1391 901 1501 996 figmu
1524 927 1635 1000 nuper
1665 904 1711 975 ab
1736 904 1839 976 emico
1866 903 1939 977 ee

255 1017 384 1089 benere
416 1012 509 1087 docte
545 1008 709 1084 illustrato
741 1007 777 1079 in
802 1006 975 1078 Theocrito
1008 1028 1029 1075 1
1055 1004 1202 1099 Vergilio
1232 1027 1389 1100 expresso
1415 1029 1447 1101 p.
1466 1004 1514 1075 32
1541 1007 1775 1103 seripseritque
1799 1001 1938 1079 Ovidius

266 1115 358 1210 Qm'o
385 1125 467 1188 tuae
498 1122 564 1186 aut
591 1109 764 1209 Hyadas,
794 1108 878 1206 <puris
909 1104 1081 1180 Pleiadas
1107 1103 1291 1181 maneas
1323 1105 1516 1182 Senserat.l
1566 1109 1664 1183 Looie
1697 1110 1741 1180 ob
1774 1110 1832 1183 illo
1866 1109 1937 1182 viro

258 1221 363 1297 utatis
389 1217 482 1290 udde
512 1214 594 1291 1166
617 1212 717 1308 Verg.
742 1213 805 1286 ecl.
829 1210 880 1284 IV
905 1209 1037 1284 tilam
1068 1208 1159 1283 redit
1192 1220 1222 1282 et
1256 1208 1382 1307 Virpo,
1421 1210 1570 1285 redamat
1602 1210 1778 1286 Saturnia
1814 1235 1939 1308 <rapam

250 1323 345 1399 Aen.
371 1319 423 1394 VI
451 1317 525 1391 327
560 1315 651 1393 Odit
688 1323 718 1389 et
749 1314 827 1410 epse
861 1337 999 1410 pareus
1023 1310 1173 1396 Platon,
1211 1311 1317 1385 odere
1348 1338 1493 1388 sorores.
1547 1313 1614 1388 VH
1641 1315 1689 1386 75
1723 1312 1939 1410 Rapalesque

256 1446 408 1500 aoeerma
441 1445 577 1504 onmem
609 1441 760 1493 aaoemea
792 1441 968 1491 eoronam
1012 1414 1097 1487 VIII
1124 1415 1172 1488 91
1200 1414 1380 1489 mirantur
1405 1428 1437 1489 et
1461 1416 1598 1499 undae,
1632 1416 1791 1491 Miratur
1817 1442 1939 1493 ramnus

256 1528 439 1600 insuetum.
496 1521 535 1597 X
565 1521 641 1595 313
670 1545 803 1616 perque
835 1543 942 1592 aerea
973 1527 1071 1602 emta,
1113 1516 1185 1590 Per
1217 1517 1375 1592 tumidam
1411 1561 1453 1574 -
1491 1518 1583 1595 latas
1616 1517 1734 1594 haunt
1766 1532 1938 1694 apertum

261 1629 337 1702 369
368 1652 435 1725 per
468 1650 529 1698 vos
564 1635 595 1697 a
619 1621 737 1720 fortia
754 1621 878 1718 facta,
913 1620 985 1693 Per
1009 1619 1110 1692 ducis
1136 1619 1305 1693 Euandri
1327 1646 1462 1697 momen.
1515 1622 1570 1695 XI
1598 1623 1669 1694 171
1705 1622 1791 1721 llum
1814 1623 1941 1721 emique

262 1731 374 1818 duces,
406 1726 627 1827 namnum
653 1725 822 1799 aeratos
847 1724 969 1797 omnis.
1013 1719 1109 1796 Oria
1136 1730 1212 1797 met.
1239 1723 1373 1808 V‚612
1399 1725 1472 1798 Per
1496 1736 1612 1797 tamea
1636 1736 1668 1797 et
1694 1751 1847 1824 campos,
1873 1752 1937 1824 per

261 1845 394 1932 opertos
417 1831 539 1904 arbore
563 1840 705 1902 mordes.
748 1828 834 1900 Plin
850 1851 902 1924 ep.
917 1826 986 1899 VH
1002 1827 1037 1914 4,
1059 1824 1082 1898 6
1108 1837 1212 1923 atate
1227 1825 1391 1922 fatemur
1406 1826 1618 1926 stromosque
1642 1827 1757 1915 dolos,
1791 1826 1939 1902 Tironis

258 1963 359 2010 nosse
374 1934 532 2032 fupaoes
556 1930 775 2006 Blanditias,
825 1930 945 2025 Neque
968 1929 1099 2002 alienus
1132 1934 1182 2002 est
1213 1928 1267 2002 hio
1298 1953 1381 2002 usus
1410 1955 1432 2002 1
1463 1933 1555 2028 poesi
1581 1931 1730 2021 Graeco,
1763 1932 1856 2004 unde
1879 1933 1937 2005 de

259 2041 415 2113 siderurit
453 2038 643 2134 exemplum
683 2034 892 2108 Gebuuerus.
959 2032 1071 2104 Habes
1109 2054 1215 2102 nnurn
1251 2030 1349 2129 Sopln
1375 2033 1488 2130 Antig.
1518 2035 1591 2107 673
1626 2032 1720 2134 αὕτη
1754 2032 1876 2125 πόλεις
1909 2031 1937 2108 r'

257 2138 420 2232 ὄλλυσιν,
453 2135 510 2239 ἥδ
537 2133 769 2226 ἀναστάτους
798 2134 933 2224 Οἴκους
956 2138 1121 2232 τίθησιν,
1157 2142 1190 2207 et
1220 2137 1408 2229 gemellum,
1445 2145 1483 2210 ut
1515 2138 1643 2211 dudum
1675 2139 1801 2211 monuit
1825 2137 1939 2211 (todo

257 2244 372 2321 tredm
396 2242 584 2329 Hermann,
617 2264 716 2315 versu
749 2238 824 2312 296
858 2243 963 2312 τοῦτο
997 2241 1058 2311 καὶ
1092 2232 1214 2326 πόλεις
1238 2241 1406 2335 Haedui,
1440 2233 1513 2316 att
1541 2237 1681 2341 ἄνδρας
1709 2244 1938 2340 ἐξανίστησιν

261 2344 301 2420 do
364 2374 394 2419 ν.

304 2375 382 2441 Μ
468 2445 604 2511 lutee
637 2438 1467 2517 Vmetorarsoam,meiammaeraurtoome

727 2544 841 2622 Utitur,
863 2549 920 2610 aut
938 2544 1015 2610 votus
1036 2543 1084 2610 la's
1104 2564 1221 2628 quaem
1236 2543 1337 2627 poscit
1356 2563 1450 2627 operm.

422 2669 502 2742 Non
525 2669 603 2740 satis
628 2668 775 2741 dilimidu
800 2672 849 2738 est
873 2667 965 2762 apud
990 2665 1191 2739 Merkelium
1218 2668 1382 2738 variarum
1407 2667 1584 2739 lectionum
1610 2669 1778 2763 expositio,
1830 2666 1937 2742 Video

256 2774 434 2871 plerosque
462 2772 567 2844 libros
599 2769 724 2842 hnbere
757 2768 846 2842 voris
870 2768 904 2841 is
928 2793 1063 2866 quoque
1084 2769 1200 2864 poscit
1233 2794 1350 2866 opem,
1387 2770 1509 2863 reliqui
1541 2769 1671 2840 uariant
1704 2768 1759 2842 lus
1792 2796 1938 2869 quoque,

258 2875 316 2949 dis
341 2898 489 2970 qaoque,
514 2870 569 2945 aa
594 2897 737 2969 quoquo.
776 2871 905 2944 Rursus
931 2873 988 2944 ulii
1013 2882 1074 2944 aut
1090 2872 1180 2945 votos
1204 2874 1261 2944 ulii
1286 2898 1329 2944 aa
1344 2871 1434 2944 votis
1458 2872 1512 2944 rel
1538 2883 1570 2943 et
1590 2871 1683 2945 votis
1708 2874 1761 2946 vel
1789 2899 1812 2945 a
1837 2876 1937 2948 votis.

256 2979 359 3052 Brevi
385 2976 589 3074 praecidam
623 2975 704 3047 mihi
729 2969 867 3047 Ovidius
892 2976 1022 3047 videtur
1047 2976 1093 3046 sic
1118 2977 1301 3072 scripsisse:
1329 3015 1375 3027 —
1404 3001 1429 3047 a
1453 2974 1557 3057 votes,
1583 2975 1619 3046 sr'
1642 3000 1791 3072 quoque,
1822 2977 1937 3073 poscit

256 3104 368 3180 epam.
415 3075 463 3151 St
484 3101 620 3173 quoque
642 3083 914 3176 παρενθεῑικῶς
937 3083 1133 3174 usurpatum
1158 3086 1197 3150 ut
1221 3078 1257 3150 si
1279 3077 1408 3161 mimus,
1435 3078 1472 3150 a·
1485 3077 1596 3174 farte,
1623 3078 1658 3150 si
1681 3079 1771 3151 adeo
1796 3081 1938 3152 restituit

258 3182 442 3258 Merkelius
464 3179 561 3252 Trist
579 3179 645 3268 Il,
664 3179 736 3252 112
771 3178 856 3251 Tres
878 3178 1181 3277 proaulobsomra
1205 3179 1384 3254 latitantes
1401 3192 1511 3278 parte
1535 3180 1687 3262 videbis,
1724 3181 1759 3254 sl
1789 3208 1936 3281 quoque.

259 3285 430 3359 Peculiure
445 3277 563 3355 Ouidio
588 3289 638 3355 est
663 3283 760 3355 etiam
785 3282 847 3354 hoe
872 3306 977 3378 genus
1003 3308 1082 3355 sero
1103 3308 1248 3381 quoque,
1273 3284 1422 3358 mimium
1435 3309 1579 3381 quoque,
1607 3290 1755 3356 nostrum
1780 3310 1872 3374 „nur
1897 3311 1939 3360 zu

259 3393 342 3487 sptt
366 3409 431 3459 nur
455 3410 496 3457 zu
520 3385 625 3473 sehr‘,
652 3384 875 3457 Fast1437‘.
902 3386 1038 3458 11129.
1064 3384 1143 3458 Her.
1159 3386 1209 3459 VI
1226 3387 1283 3458 53.
1311 3387 1408 3459 Trist.
1424 3387 1473 3460 IV
1493 3386 1550 3476 10,
1567 3387 1626 3459 99.
1652 3387 1746 3460 Pont
1763 3387 1861 3476 1119,
1877 3391 1936 3462 49.

467 3571 517 3635 III
540 3571 603 3634 693
637 3568 729 3636 Ridet
750 3575 915 3636 amatorem
934 3592 1026 3638 carae
1046 3593 1126 3639 meua
1146 3574 1219 3638 diva
1240 3572 1411 3644 Mineruae.

425 3693 520 3764 Mers
545 3693 636 3784 quod
661 3699 785 3765 emeret
809 3694 1003 3781 Minervam,
1024 3701 1153 3790 poterut
1176 3696 1354 3768 ridiculum
1379 3694 1504 3784 rideri3
1537 3701 1705 3767 atemere
1731 3720 1809 3768 eum
1834 3720 1933 3790 quum

259 3820 368 3871 eorum
392 3795 538 3880 haberet,
564 3795 706 3891 probum
731 3802 811 3869 erut.
850 3795 1005 3893 Ineptum
1020 3797 1083 3870 hoo
1098 3799 1233 3891 quidem
1250 3799 1321 3870 loeo
1336 3797 1503 3894 epitheton
1519 3823 1630 3886 aerae,
1657 3802 1937 3872 eommutendum-

257 3925 325 3996 que
349 3921 425 3973 enm
451 3921 489 3969 eo
513 3897 606 3990 quod
630 3897 754 3992 flagitet
779 3923 832 3971 res
857 3897 964 3971 Ridet
990 3911 1181 3973 amatorem
1207 3910 1323 3973 castae
1349 3924 1443 3972 noua
1470 3898 1557 3973 doira
1582 3899 1775 3974 Minervae.

467 4081 513 4146 iv
534 4083 599 4146 479
632 4081 964 4253 rammam
986 4087 1192 4172 1611111111
1212 4088 1333 4170 111111
1349 4056 1518 4169 naama

809 4195 889 4256 arat.

424 4307 573 4380 Retinuit
596 4307 685 4381 Rud.
702 4309 834 4382 Merkel
865 4313 901 4383 in
934 4318 1076 4407 utruque
1111 4312 1253 4385 editione
1284 4314 1402 4383 mirem
1432 4312 1519 4384 hunc
1551 4312 1688 4386 formum
1713 4311 1933 4399 Pelamaden,

256 4417 425 4506 tamquam
439 4409 644 4484 Peloriades
671 4417 753 4484 esset
778 4416 998 4508 promunturii
1024 4438 1153 4503 nomen
1177 4438 1245 4487 non
1264 4413 1447 4500 Pelorias,
1464 4413 1670 4517 Πελωριάς.
1716 4416 1816 4488 Recte
1840 4415 1934 4489 haud

255 4516 355 4611 pauci
380 4516 507 4588 codices
531 4512 766 4587 Palamedem,

461 4681 508 4747 IV
529 4683 592 4749 866
628 4682 736 4750 Malta
749 4687 963 4769 professarum
982 4683 1156 4765 6111167111
1176 4688 1253 4767 apta
1278 4683 1389 4752 Vmor.

379 4855 381 4860 ·
424 4802 539 4875 Malta
569 4807 629 4898 qui
661 4807 863 4903 interpretati
900 4810 994 4893 sunt,
1028 4805 1182 4878 ridentur
1214 4807 1285 4903 ipse
1318 4809 1586 4904 interpretatione
1608 4806 1744 4880 confessi
1771 4834 1934 4886 essenon

256 4904 455 4980 intellexisse
480 4929 516 4978 se
540 4929 650 4978 vooern
673 4907 791 4983 malta.
829 4909 899 4981 Nec
922 4910 1187 5004 interpretenda,
1213 4911 1272 4982 sed
1297 4911 1492 5006 oonigendu
1517 4916 1596 4982 eret
1634 4907 1772 5008 Scripsit
1795 4910 1934 4987 Ovidius

257 5003 348 5082 lund
370 5009 474 5082 dubie
498 5007 582 5082 Rite
601 5010 851 5107 professarum
873 5012 894 5082 i
913 5035 941 5084 6.
968 5012 1060 5107 apud
1085 5012 1217 5085 aediles.
