4386 5498
1093 385 1118 455 4

264 589 316 663 ire
334 589 488 662 abactam
504 587 650 661 vulnera
668 588 856 681 Prudent).
884 629 935 642 -
960 585 1114 684 Amplior
1130 585 1322 659 Latinorum
1336 587 1569 659 adjectivorum
1586 588 1682 684 copia
1706 610 1781 660 cum
1806 592 1944 686 paenul-

264 694 345 765 tima
368 693 530 788 producta
555 690 700 765 dininas
716 690 888 764 amitinus
903 688 1054 786 ferinna
1079 688 1265 761 ansericus
1289 686 1445 761 olonnam
1458 687 1645 787 sanpa'nus
1659 691 1819 764 marinna
1844 691 1943 766 clan-

265 794 422 868 destinus
447 793 644 892 inquilinam
660 793 821 891 fontinus
844 791 995 889 arpinus
1015 790 1252 888 capannam
1277 814 1339 864 nec
1364 815 1464 887 porro
1489 794 1710 867 dubitandum
1736 795 1798 867 erit
1822 797 1866 868 de
1890 796 1942 869 his

258 895 407 997 picenus
431 903 464 969 et
489 896 673 981 triticinna,
700 921 761 970 nec
784 899 828 970 de
839 894 1038 994 parietinis,
1062 896 1156 968 cuius
1170 895 1395 991 productionis
1411 893 1511 967 fidem
1531 902 1676 992 praestat
1691 898 1745 970 vel
1762 897 1941 972 crietr‘rma

264 997 332 1074 Sed
356 1001 525 1074 adversari
550 1001 705 1073 videntum
729 1000 794 1072 alia
819 1000 951 1073 indubii
976 997 1123 1094 rhythmi
1146 997 1307 1070 vocabula
1331 995 1486 1092 supinas
1508 998 1725 1096 ferruginea
1750 998 1940 1096 olanpinua

263 1103 313 1176 At
336 1108 426 1199 patet
451 1125 549 1175 causa
574 1103 805 1199 correptorie,
843 1105 969 1198 quippe
994 1126 1015 1172 a
1038 1101 1181 1197 pleniori
1211 1123 1250 1173 ac
1273 1098 1403 1194 vulgari
1428 1099 1533 1172 forma
1564 1125 1652 1196 quac
1677 1109 1748 1175 erat
1765 1100 1943 1200 jaqineua

256 1204 492 1303 fnmapinens
517 1204 717 1302 obcpinerra
741 1206 920 1278 trmslatae
943 1205 988 1277 ad
1012 1204 1231 1290 decurtatam,
1267 1225 1311 1274 ne
1334 1209 1450 1298 poetae
1473 1203 1564 1294 (nam
1586 1229 1608 1275 a
1631 1207 1736 1300 poetis
1760 1205 1839 1278 talia
1864 1230 1940 1303 pro

263 1309 348 1381 fecta
380 1309 471 1382 suntt
504 1309 607 1403 magis
641 1331 777 1380 novasse
809 1308 892 1400 quid
925 1330 1025 1401 quam
1054 1307 1173 1378 leniter
1204 1308 1391 1376 immutasse
1423 1306 1632 1392 riderentur,
1670 1310 1730 1402 qui
1771 1309 1868 1380 simili
1900 1320 1958 1382 ac'

262 1413 385 1484 maiore
407 1413 506 1483 etiam
530 1412 662 1483 licentia
685 1412 737 1484 nsi
762 1418 840 1484 sunt
864 1412 901 1482 in
918 1408 975 1481 'his
996 1405 1156 1504 frowino
1180 1408 1281 1502 virpc
1307 1414 1340 1479 et
1363 1407 1508 1480 saccino
1527 1420 1635 1503 matta.
1677 1409 1871 1484 blandemne
1895 1414 1940 1486 ad

262 1537 410 1586 normam
440 1514 644 1586 revocandae
676 1537 721 1585 an
756 1520 795 1585 ut
827 1513 1032 1607 alienigenae
1063 1512 1137 1606 lege
1168 1511 1301 1582 omnino
1335 1511 1529 1582 eximendae
1561 1514 1627 1584 sint
1657 1535 1752 1586 voces
1773 1513 1940 1609 pullanus

261 1615 406 1688 Martial
427 1614 444 1686 Ι
466 1615 558 1689 969
584 1614 787 1688 Schneidew.
814 1621 846 1688 et
872 1613 1037 1689 blattinna
1058 1612 1313 1709 EutropV14
1337 1614 1399 1705 (9),
1427 1615 1464 1684 in
1487 1637 1646 1711 suspenso
1671 1617 1720 1686 sit
1764 1615 1941 1691 Fucinum

260 1741 358 1791 snum
376 1720 482 1791 Marsi
502 1718 698 1810 defendant3
712 1779 716 1786 .
730 1715 898 1790 relicinus
922 1723 1032 1790 autern
1048 1714 1220 1812 Marsyas
1246 1722 1279 1788 et
1303 1712 1405 1788 licini
1428 1715 1530 1788 bocca
1555 1723 1746 1814 exspectent
1769 1719 1938 1811 iudicium,

261 1822 366 1895 donec
399 1822 620 1918 paenultimae
645 1844 758 1894 eorum
783 1822 961 1893 constiterit
995 1821 1039 1893 de
1069 1820 1251 1913 quantitate
1280 1818 1396 1890 literae
1428 1819 1547 1915 longae
1578 1842 1665 1914 quae
1689 1821 1805 1893 eadem
1828 1823 1939 1897 brevis

259 1947 331 1997 esse
356 1931 469 2020 potest
521 1921 588 1996 Sed
621 1928 751 1996 exstant
782 1930 952 2022 praeterea
976 1923 1137 1995 adiectiva
1160 1921 1360 2016 temporalia,
1387 1943 1474 2015 quae
1499 1924 1685 2020 propositae
1709 1926 1846 2018 regulae
1870 1950 1939 2008 non

259 2033 338 2099 sunt
361 2027 516 2114 subiecta,
543 2049 605 2098 nec
628 2031 738 2099 tamen
763 2028 807 2098 ad
829 2050 934 2098 unum
948 2025 1065 2098 omnia
1104 2024 1148 2095 tot
1163 2023 1351 2095 matutinas
1369 2024 1505 2117 quidem
1520 2047 1559 2096 aa
1576 2025 1792 2123 vespertinas
1806 2036 1938 2101 servant
1989 2032 1991 2036 ’

260 2151 464 2202 communem
496 2130 620 2224 legem,
655 2130 799 2224 migrant
832 2128 912 2200 haec
945 2126 1116 2200 nustinna
1137 2125 1309 2222 prettinm
1334 2124 1497 2198 <tintinna
1529 2134 1561 2200 et
1593 2131 1725 2202 sivero
1759 2152 1802 2200 ex
1826 2125 1938 2205 Ovidii

258 2232 387 2304 silentio
411 2231 554 2304 iudicavi
574 2231 766 2313 nundinae,
793 2233 884 2325 quod
900 2230 1001 2302 trahit
1010 2229 1230 2327 perendinum
1246 2235 1280 2302 et
1297 2229 1601 2324 comperendinare.
1639 2231 1706 2305 Sed
1733 2254 1801 2326 qna
1825 2241 1935 2307 aucto

258 2335 354 2406 ritate
385 2340 442 2406 aut
474 2333 664 2407 confirmem
697 2341 757 2407 aut
789 2333 928 2406 refixtem
963 2334 1149 2430 opinionem
1184 2355 1285 2426 quam
1309 2333 1410 2426 vulgo
1435 2331 1560 2406 habent
1593 2335 1636 2406 de
1660 2335 1712 2406 his
1745 2337 1937 2411 annotinus

257 2433 463 2509 hornotinus
487 2436 656 2509 serotinam
680 2439 734 2508 cui
755 2436 976 2508 similitudinis
992 2459 1093 2507 causa
1110 2436 1245 2507 accedat
1269 2434 1501 2529 rumpotinus,
1526 2460 1593 2509 non
1614 2437 1739 2510 habere
1754 2460 1808 2510 me
1823 2439 1934 2512 fateor.

257 2537 426 2613 Dubitatio
452 2540 545 2610 nulla
571 2545 619 2612 est
644 2539 687 2612 de
710 2540 817 2611 tn'bus
843 2540 1068 2611 numeralibus
1098 2561 1185 2632 quae
1217 2543 1295 2610 sunt
1328 2536 1432 2610 Mnus
1458 2537 1573 2612 ninus
1594 2539 1767 2635 pominus.
1819 2541 1937 2614 Finem

257 2650 366 2715 antem
395 2642 516 2713 famant
548 2643 616 2714 duo
642 2642 843 2739 corripiendi
870 2642 1091 2714 necessitatem
1122 2663 1204 2737 prae
1237 2663 1273 2712 se
1306 2637 1445 2712 ferentia
1477 2643 1570 2738 apud
1605 2642 1816 2714 furstitudinas
1842 2644 1935 2716 terri·

257 2747 409 2842 crepinas
440 2744 573 2817 insulas.

466 2929 484 2994 1
505 2928 570 2995 aas
591 2928 674 2994 Pars
688 2933 784 3011 poca
804 2927 859 2995 no
877 2930 988 3013 fona
1002 2927 1117 3012 pesae
1137 2925 1278 3010 annu
1298 2927 1421 3005 amn,
1520 2879 1524 2886 ¹

681 3031 756 3100 Una
775 3033 816 3099 sit
835 3037 872 3098 nt
885 3033 1015 3115 proprio
1035 3032 1125 3097 litera
1145 3031 1270 3113 derepta
1290 3030 1361 3097 loco.

421 3154 523 3227 Poeta
555 3178 660 3249 quum
692 3155 964 3252 praecedentibus
996 3153 1142 3228 distichis
1184 3154 1268 3224 duas
1301 3155 1441 3226 nominis
1474 3153 1674 3248 Agonalium
1710 3178 1824 3230 causas
1857 3181 1934 3254 pro

254 3257 395 3342 tulisset,
431 3259 559 3330 tertiam
589 3258 682 3330 addit
714 3258 798 3329 adeo
831 3260 867 3329 in
900 3257 1045 3329 fontibus
1071 3256 1188 3328 nostris
1212 3256 1426 3346 obscuratam,
1453 3258 1509 3328 vix
1534 3258 1680 3352 utquid
1705 3260 1769 3331 sibi
1794 3262 1935 3333 voluerit

255 3360 428 3457 pelluceat.
480 3361 566 3432 Nam
600 3362 628 3432 si
653 3360 714 3432 hoc
740 3361 851 3446 volunt,
875 3362 912 3431 id
935 3360 1027 3453 quod
1053 3360 1158 3454 primo
1185 3358 1300 3430 obtutu
1326 3361 1491 3448 rideatur,
1526 3381 1612 3453 quae
1644 3361 1753 3455 prisca
1778 3366 1934 3436 memoria

254 3463 342 3534 dicta
366 3460 490 3534 suerint
514 3463 658 3558 Agnalia
683 3486 726 3535 ex
751 3464 844 3557 agnis
869 3463 969 3534 ductu
994 3464 1139 3546 nomine,
1178 3485 1217 3532 ea
1249 3468 1362 3556 postea
1387 3463 1500 3534 vitiose
1525 3462 1689 3556 Agonalia
1725 3488 1795 3536 esse
1819 3467 1933 3562 appel-

205 3648 206 3651 ,
252 3565 328 3652 lata,
355 3570 445 3636 recte
469 3566 605 3658 quidem
627 3588 663 3637 se
687 3565 826 3638 baberet
850 3588 889 3637 ea
907 3561 1081 3652 sententia,
1108 3571 1141 3635 at
1165 3586 1233 3634 non
1253 3563 1419 3660 demptam
1444 3565 1580 3652 literam
1607 3566 1666 3637 scd
1695 3567 1841 3638 additam
1867 3569 1932 3640 dici

253 3667 434 3762 oportebat.
493 3663 615 3740 Contra
648 3669 676 3739 si
709 3667 893 3763 significare
924 3668 1044 3754 voluit,
1088 3672 1213 3739 veteres
1243 3664 1408 3760 Agonalia
1451 3689 1539 3761 quae
1572 3668 1708 3763 proprie
1742 3669 1933 3744 dicerentur

253 3769 388 3865 dempta
413 3771 516 3841 vocali
540 3771 724 3872 appellasse
749 3771 901 3864 Agnalia,
929 3792 1016 3864 qnae
1041 3772 1174 3842 tandem
1199 3773 1248 3839 est
1271 3769 1333 3840 ista
1357 3770 1586 3865 appellationis
1611 3770 1739 3841 causa?
1783 3770 1851 3846 Sed
1876 3797 1934 3846 ac·

253 3871 341 3943 cedit
360 3873 426 3943 alia
449 3872 635 3945 difficultas.
677 3873 762 3944 Nam
786 3895 873 3967 quae
887 3896 976 3944 nunc
995 3874 1154 3966 leguntur
1168 3894 1266 3942 versu
1285 3868 1356 3941 331
1386 3873 1461 3965 quis
1487 3873 1599 3944 credat
1624 3873 1668 3944 ab
1694 3874 1932 3969 elegantissimo

251 3979 349 4070 poeta
371 3975 418 4045 sio
442 3977 563 4071 scripta
588 3975 690 4047 fuisse
714 3983 766 4061 ut,
807 3980 981 4071 postquam
1012 3975 1159 4047 dilucide
1191 3973 1338 4066 singulas
1370 3977 1545 4048 sententias
1571 3974 1622 4048 his
1648 3977 1758 4049 verbis
1783 3978 1933 4050 distrxit

248 4101 338 4174 poro
354 4075 475 4160 credit,
500 4101 590 4173 pora
604 4086 721 4173 putot,
746 4102 794 4149 an
818 4075 879 4149 lna
899 4089 949 4149 est
969 4087 1090 4150 notata
1108 4104 1132 4148 a
1144 4074 1284 4172 pecoris
1304 4087 1405 4160 mern,
1420 4076 1491 4173 fos
1512 4077 1617 4150 etiam
1639 4078 1733 4151 daem
1758 4077 1934 4151 &annm
2034 4123 2044 4132 -

251 4177 370 4252 adisse
395 4205 536 4263 nomen,
569 4181 634 4251 iam
668 4185 847 4253 externam
871 4204 1002 4252 causam
1026 4186 1093 4252 tam
1118 4179 1241 4252 elumbi
1266 4181 1412 4252 oratione
1435 4181 1648 4277 adjungeret:
1683 4179 1731 4252 Et
1769 4179 1932 4275 onnpnus

250 4305 363 4354 carno
378 4321 430 4337 -
446 4324 498 4336 —
514 4280 677 4354 dicebat?
714 4282 775 4355 His
795 4282 1045 4362 difficultatibus
1064 4282 1229 4377 quomodo
1254 4285 1514 4357 succurrendum
1541 4290 1633 4371 esset,
1657 4281 1786 4354 dudum
1812 4283 1932 4378 optime

249 4386 420 4482 perspexit
434 4383 573 4457 Ioannes
589 4381 762 4472 Schrader,
788 4387 882 4458 cuius
896 4387 1088 4458 sententiam
1104 4394 1223 4457 utnon
1240 4389 1289 4456 est
1301 4393 1432 4459 secntm
1447 4389 1494 4459 ita
1510 4392 1598 4458 certe
1613 4387 1649 4456 in
1666 4385 1774 4456 lucem
1794 4385 1931 4482 protulit

250 4486 415 4560 Rudolfus
440 4486 572 4560 Merkel
595 4488 700 4584 praet.
728 4489 878 4561 editionis
901 4489 1034 4585 majoris
1058 4511 1091 4584 p.
1110 4484 1263 4561 CLXIV.
1316 4488 1408 4562 Vidit
1444 4491 1531 4561 enim
1557 4489 1608 4558 vir
1641 4487 1928 4581 ingeniosissimus,

250 4611 291 4662 ea
323 4613 410 4685 qnae
442 4590 581 4663 disticho
613 4614 716 4686 supra
747 4591 851 4687 posito
885 4593 1093 4663 continentur
1133 4591 1241 4662 lucam
1274 4592 1423 4687 accipere
1453 4613 1495 4662 ex
1527 4590 1568 4660 iis
1600 4612 1687 4683 quae
1721 4613 1819 4662 versu
1854 4589 1927 4662 331

247 4691 408 4786 legumtur
434 4714 495 4765 nec
520 4715 615 4789 posse
640 4693 722 4766 haec
747 4694 810 4764 nisi
834 4715 909 4765 cum
932 4717 1048 4768 sensus
1072 4694 1197 4766 iactura
1214 4694 1336 4766 divelli
1375 4693 1551 4765 Praeclare
1575 4693 1611 4764 id
1637 4692 1792 4785 quidem;
1819 4715 1929 4787 neque

248 4799 367 4866 lamen·
390 4797 584 4891 transposito
615 4797 673 4869 illo
705 4794 844 4869 disticho
876 4802 949 4891 post
973 4819 1104 4868 versum
1130 4794 1205 4867 330
1237 4802 1295 4866 aut
1327 4796 1459 4889 ingenio
1493 4800 1608 4891 poetae
1644 4795 1844 4867 satsfactum
1870 4802 1928 4867 aut

247 4895 323 4970 fiens
355 4898 476 4970 erroris
507 4898 687 4993 patefectus
718 4921 790 4971 esse
813 4899 974 4972 videatur.
1033 4898 1106 4971 Nisi
1138 4897 1269 4993 egregie
1291 4896 1418 4986 iallor,
1457 4898 1655 4994 transcripta
1699 4904 1778 4971 sunt
1816 4903 1927 4969 nostra

249 5000 454 5097 exemplario
479 5023 523 5072 ex
546 5003 605 5074 tali
630 5003 750 5090 codice,
775 5002 813 5073 in
838 5024 905 5096 quo
930 5025 1018 5097 quae
1042 5001 1180 5074 disticha
1204 5023 1320 5074 causas
1343 5023 1387 5074 er
1404 4998 1542 5074 Latnae
1565 5002 1701 5098 linguae
1728 5000 1936 5097 proprietate·
